<?xml version="1.0"?>
<collection xmlns="http://www.loc.gov/MARC21/slim">
  <record>
    <leader>01569cam a2200409 a 4500</leader>
    <controlfield tag="001">chernobylnuclear00davi</controlfield>
    <controlfield tag="003">CaSfIA</controlfield>
    <controlfield tag="005">20161014130447.0</controlfield>
    <controlfield tag="007">cr||||||||||||</controlfield>
    <controlfield tag="008">860902s1986    abc      b      1 0 eng d</controlfield>
    <datafield tag="016" ind1=" " ind2=" ">
      <subfield code="a">860914984</subfield>
    </datafield>
    <datafield tag="020" ind1=" " ind2=" ">
      <subfield code="a">0920862489 (bound)</subfield>
      <subfield code="z">0920862500 (pbk.)</subfield>
    </datafield>
    <datafield tag="035" ind1=" " ind2=" ">
      <subfield code="a">ocm16026108</subfield>
    </datafield>
    <datafield tag="040" ind1=" " ind2=" ">
      <subfield code="a">CaBVAU</subfield>
      <subfield code="b">eng</subfield>
      <subfield code="c">CaOONL</subfield>
      <subfield code="d">CaSfIA</subfield>
    </datafield>
    <datafield tag="049" ind1=" " ind2=" ">
      <subfield code="a">AEU</subfield>
      <subfield code="b">eng</subfield>
    </datafield>
    <datafield tag="055" ind1=" " ind2="5">
      <subfield code="a">TK1362*</subfield>
    </datafield>
    <datafield tag="082" ind1="0" ind2=" ">
      <subfield code="a">363.1/79</subfield>
      <subfield code="2">19</subfield>
    </datafield>
    <datafield tag="090" ind1=" " ind2=" ">
      <subfield code="a">TK 1362 U34 M35 1986</subfield>
      <subfield code="b">ACHCU</subfield>
    </datafield>
    <datafield tag="090" ind1="0" ind2=" ">
      <subfield code="a">TK 1362 U34 M35 1986</subfield>
      <subfield code="b">AEU</subfield>
    </datafield>
    <datafield tag="090" ind1=" " ind2=" ">
      <subfield code="a">TK1362 .S65 M37</subfield>
      <subfield code="b">AEGMCT</subfield>
    </datafield>
    <datafield tag="100" ind1="1" ind2=" ">
      <subfield code="a">Marples, David R.</subfield>
    </datafield>
    <datafield tag="245" ind1="1" ind2="0">
      <subfield code="a">Chernobyl and nuclear power in the USSR /</subfield>
      <subfield code="h">[electronic resource] </subfield>
      <subfield code="c">David R. Marples.</subfield>
    </datafield>
    <datafield tag="260" ind1=" " ind2=" ">
      <subfield code="a">Edmonton :</subfield>
      <subfield code="b">Canadian Institute of Ukrainian Studies, University of Alberta,</subfield>
      <subfield code="c">1986.</subfield>
    </datafield>
    <datafield tag="300" ind1=" " ind2=" ">
      <subfield code="a">xii, 228 p. ;</subfield>
      <subfield code="c">22 cm.</subfield>
    </datafield>
    <datafield tag="336" ind1=" " ind2=" ">
      <subfield code="a">text</subfield>
      <subfield code="b">txt</subfield>
      <subfield code="2">rdacontent</subfield>
    </datafield>
    <datafield tag="337" ind1=" " ind2=" ">
      <subfield code="a">unmediated</subfield>
      <subfield code="b">n</subfield>
      <subfield code="2">rdamedia</subfield>
    </datafield>
    <datafield tag="338" ind1=" " ind2=" ">
      <subfield code="a">volume</subfield>
      <subfield code="b">nc</subfield>
      <subfield code="2">rdacarrier</subfield>
    </datafield>
    <datafield tag="500" ind1=" " ind2=" ">
      <subfield code="a">Includes index.</subfield>
    </datafield>
    <datafield tag="504" ind1=" " ind2=" ">
      <subfield code="a">Bibliography: p. 197-201.</subfield>
    </datafield>
    <datafield tag="596" ind1=" " ind2=" ">
      <subfield code="a">23 29 38 43</subfield>
    </datafield>
    <datafield tag="610" ind1="2" ind2="0">
      <subfield code="a">Chornobyl&#x2B9;s&#x2B9;ka atomna elektrostant&#x361;sii&#x361;a (Chornobyl&#x2B9;, Ukraine)</subfield>
    </datafield>
    <datafield tag="650" ind1=" " ind2="0">
      <subfield code="a">Nuclear power plants</subfield>
      <subfield code="x">Accidents</subfield>
      <subfield code="z">Ukraine</subfield>
      <subfield code="z">Chornobyl&#x2B9;.</subfield>
    </datafield>
    <datafield tag="650" ind1=" " ind2="0">
      <subfield code="a">Nuclear industry</subfield>
      <subfield code="z">Soviet Union.</subfield>
    </datafield>
    <datafield tag="650" ind1=" " ind2="0">
      <subfield code="a">Nuclear energy</subfield>
      <subfield code="x">Government policy</subfield>
      <subfield code="z">Soviet Union.</subfield>
    </datafield>
    <datafield tag="710" ind1="2" ind2=" ">
      <subfield code="a">Canadian Institute of Ukrainian Studies.</subfield>
    </datafield>
    <datafield tag="856" ind1="4" ind2="1">
      <subfield code="u">http://archive.org/details/chernobylnuclear00davi</subfield>
      <subfield code="z">Free eBook from the Internet Archive</subfield>
    </datafield>
    <datafield tag="856" ind1="4" ind2="2">
      <subfield code="u">http://www.openlibrary.org/books/OL26160209M</subfield>
      <subfield code="z">Additional information and access via Open Library</subfield>
    </datafield>
  </record>
</collection>
